<?xml version="1.0" encoding="UTF-8"?><collection xmlns="http://www.loc.gov/MARC21/slim"><record><leader>00426nam--2200133-i-4500</leader><controlfield tag="001">000004325</controlfield><controlfield tag="002">20161230</controlfield><controlfield tag="005">20161230201025</controlfield><controlfield tag="008">060222s1000------------r-----000-0-eng-d</controlfield><datafield ind1=" " ind2=" " tag="100"><subfield code="a">Bohr, Aage And Mottelson, Ben R</subfield></datafield><datafield ind1=" " ind2=" " tag="245"><subfield code="a">Collective and individual-partucke asoects of nuclear structure. 2-nd edition</subfield></datafield><datafield ind1=" " ind2=" " tag="260"><subfield code="a">Kobenhavn, Ejnar Munksgaard, 1957. 174 P</subfield></datafield><datafield ind1=" " ind2=" " tag="490"><subfield code="a">Det.Kl.Danske Vis.Selskab, Mat.Fys.Medd</subfield></datafield><datafield ind1=" " ind2=" " tag="852"><subfield code="a">13661</subfield></datafield></record></collection>